<?xml version="1.0" encoding="UTF-8"?><collection xmlns="http://www.loc.gov/MARC21/slim"><record><leader>00400nam--2200169-i-4500</leader><controlfield tag="001">000049580</controlfield><controlfield tag="002">20161230</controlfield><controlfield tag="005">20170113150545</controlfield><controlfield tag="008">060222s1000------------r-----000-0-eng-d</controlfield><datafield ind1=" " ind2=" " tag="080"><subfield code="a">621.375.826:530.145</subfield></datafield><datafield ind1=" " ind2=" " tag="100"><subfield code="a">Allen, L</subfield></datafield><datafield ind1=" " ind2=" " tag="245"><subfield code="a">Osnovy fiziki gazovyh lazerov</subfield></datafield><datafield ind1=" " ind2=" " tag="260"><subfield code="a">Moskva</subfield><subfield code="b">Nauka</subfield><subfield code="c">1970</subfield></datafield><datafield ind1=" " ind2=" " tag="300"><subfield code="a">206 S</subfield></datafield><datafield ind1=" " ind2=" " tag="700"><subfield code="a">Dzhons, D</subfield></datafield><datafield ind1=" " ind2=" " tag="852"><subfield code="a">33488</subfield></datafield><datafield ind1=" " ind2=" " tag="CAT"><subfield code="a">SYS</subfield><subfield code="c">20170113</subfield><subfield code="h">150545</subfield></datafield></record></collection>